<record><leader>00000cas a2200000 a 4500</leader><controlfield tag="001">12835537</controlfield><controlfield tag="008">851122d18931896ksudr ne      0    0eng d</controlfield><datafield ind1=" " ind2=" " tag="010"><subfield code="a">sn 85067025 </subfield></datafield><datafield ind1=" " ind2=" " tag="040"><subfield code="a">KSH</subfield><subfield code="b">eng</subfield><subfield code="c">KSH</subfield><subfield code="d">NPT</subfield><subfield code="d">OCL</subfield><subfield code="d">OCLCQ</subfield></datafield><datafield ind1=" " ind2=" " tag="042"><subfield code="a">msc</subfield></datafield><datafield ind1="0" ind2="4" tag="245"><subfield code="a">The Topeka daily press.</subfield></datafield><datafield ind1=" " ind2=" " tag="260"><subfield code="a">Topeka, Kan. :</subfield><subfield code="b">J.B. Chapman,</subfield><subfield code="c">1893-1896.</subfield></datafield><datafield ind1=" " ind2=" " tag="300"><subfield code="a">2 v. :</subfield><subfield code="b">ill. ;</subfield><subfield code="c">54-60 cm.</subfield></datafield><datafield ind1=" " ind2=" " tag="310"><subfield code="a">Daily (except Sunday)</subfield></datafield><datafield ind1="0" ind2=" " tag="362"><subfield code="a">7th year (Feb. 15, 1893)-v. 8, no. 163 [i.e. 161] (Mar. 4, 1896).</subfield></datafield><datafield ind1=" " ind2=" " tag="500"><subfield code="a">Published by: R.M. Ruggles, Chas. A. Blakesley &amp; Fred W. Badger, Aug. 15-Oct. 28, 1895; R.M. Ruggles &amp; Chas. A. Blakesley, Oct. 29, 1895-Feb. 3, 1896; Press Pub. Co., Feb. 4-Mar. 4, 1896.</subfield></datafield><datafield ind1=" " ind2=" " tag="500"><subfield code="a">"Democratic."</subfield></datafield><datafield ind1=" " ind2=" " tag="500"><subfield code="a">"Only Resubmission paper in Topeka."</subfield></datafield><datafield ind1=" " ind2=" " tag="580"><subfield code="a">Also issued in a weekly edition called: Topeka State press.</subfield></datafield><datafield ind1=" " ind2=" " tag="752"><subfield code="a">United States</subfield><subfield code="b">Kansas</subfield><subfield code="c">Shawnee</subfield><subfield code="d">Topeka.</subfield></datafield><datafield ind1="1" ind2=" " tag="775"><subfield code="t">Topeka State press</subfield><subfield code="w">(DLC)sn 85067033</subfield></datafield><datafield ind1="0" ind2="0" tag="780"><subfield code="t">Kansas democrat (Topeka, Kan. : Apr. 1886)</subfield><subfield code="w">(DLC)sn 82015911</subfield></datafield><datafield ind1="0" ind2="7" tag="785"><subfield code="t">Daily co-operator</subfield><subfield code="w">(DLC)sn 85067026</subfield></datafield><datafield ind1="0" ind2="7" tag="785"><subfield code="t">Daily co-operator and Topeka press</subfield><subfield code="w">(DLC)sn 85067027</subfield></datafield><datafield ind1="1" ind2=" " tag="029"><subfield code="a">AU@</subfield><subfield code="b">000022170663</subfield></datafield></record>